{
  "leader": "01111nam a2200241Ii 4500",
  "fields": [
    {
      "001": "bslw09831759"
    },
    {
      "003": "UtOrBLW"
    },
    {
      "005": "20220630124750.0"
    },
    {
      "008": "220630t19601960nyu\\\\\\\\\\\\\\\\\\\\\\101\\0\\eng\\u"
    },
    {
      "040": {
        "ind1": "\\",
        "ind2": "\\",
        "subfields": [
          {
            "a": "UtOrBLW"
          },
          {
            "b": "eng"
          },
          {
            "e": "rda"
          },
          {
            "c": "UtOrBLW"
          }
        ]
      }
    },
    {
      "082": {
        "ind1": "0",
        "ind2": "4",
        "subfields": [
          {
            "a": "382"
          },
          {
            "b": "NAT"
          }
        ]
      }
    },
    {
      "111": {
        "ind1": "2",
        "ind2": "\\",
        "subfields": [
          {
            "a": "National Foreign Trade Convention"
          },
          {
            "n": "(46th :"
          },
          {
            "d": "1959 :"
          },
          {
            "c": "New York, New York),"
          },
          {
            "j": "author."
          }
        ]
      }
    },
    {
      "245": {
        "ind1": "1",
        "ind2": "0",
        "subfields": [
          {
            "a": "Report of the forty-sixth National Foreign Trade Convention :"
          },
          {
            "b": "New York, N.Y. November 16, 17 & 18, 1959 : a verbatim report of the proceedings, together with a list of the registrants present, the organizations and companies represented, the executive personnel of the convention and its final declaration."
          }
        ]
      }
    },
    {
      "246": {
        "ind1": "3",
        "ind2": "8",
        "subfields": [
          {
            "a": "Forty-sixth National Foreign Trade Convention :"
          },
          {
            "b": "New York, N.Y., Nov. 16, 17, 18 1959"
          }
        ]
      }
    },
    {
      "264": {
        "ind1": "\\",
        "ind2": "1",
        "subfields": [
          {
            "a": "New York :"
          },
          {
            "b": "National Foreign Trade Council, Inc.,"
          },
          {
            "c": "[1960]"
          }
        ]
      }
    },
    {
      "264": {
        "ind1": "\\",
        "ind2": "4",
        "subfields": [
          {
            "c": "\u00a91960"
          }
        ]
      }
    },
    {
      "300": {
        "ind1": "\\",
        "ind2": "\\",
        "subfields": [
          {
            "a": "liv, 478 pages ;"
          },
          {
            "c": "24 cm"
          }
        ]
      }
    },
    {
      "336": {
        "ind1": "\\",
        "ind2": "\\",
        "subfields": [
          {
            "a": "text"
          },
          {
            "b": "txt"
          },
          {
            "2": "rdacontent"
          }
        ]
      }
    },
    {
      "337": {
        "ind1": "\\",
        "ind2": "\\",
        "subfields": [
          {
            "a": "unmediated"
          },
          {
            "b": "n"
          },
          {
            "2": "rdamedia"
          }
        ]
      }
    },
    {
      "338": {
        "ind1": "\\",
        "ind2": "\\",
        "subfields": [
          {
            "a": "volume"
          },
          {
            "b": "nc"
          },
          {
            "2": "rdacarrier"
          }
        ]
      }
    },
    {
      "500": {
        "ind1": "\\",
        "ind2": "\\",
        "subfields": [
          {
            "a": "Includes index."
          }
        ]
      }
    },
    {
      "650": {
        "ind1": "\\",
        "ind2": "0",
        "subfields": [
          {
            "a": "International trade"
          },
          {
            "v": "Congresses."
          }
        ]
      }
    },
    {
      "999": {
        "ind1": "\\",
        "ind2": "\\",
        "subfields": [
          {
            "a": "00000000019936"
          }
        ]
      }
    }
  ]
}